@inproceedings{amaru2014majority,
  title={Majority-inverter graph: A novel data-structure and algorithms for efficient logic optimization},
  author={Amar{\'u}, Luca and Gaillardon, Pierre-Emmanuel and De Micheli, Giovanni},
  booktitle={Design Automation Conference},
  pages={1--6},
  year={2014}
}

@inproceedings{haaswijk2017novel,
  title={A novel basis for logic rewriting},
  author={Haaswijk, Winston and Soeken, Mathias and Amar{\'u}, Luca and Gaillardon, Pierre-Emmanuel and De Micheli, Giovanni},
  booktitle={Asia and South Pacific Design Automation Conference},
  pages={151--156},
  year={2017}
}

@article{resta2018doping,
  title={Doping-free complementary logic gates enabled by two-dimensional polarity-controllable transistors},
  author={Resta, Giovanni V and Balaji, Yashwanth and Lin, Dennis and Radu, Iuliana P and Catthoor, Francky and Gaillardon, Pierre-Emmanuel and De Micheli, Giovanni},
  journal={ACS Nano},
  volume={12},
  number={7},
  pages={7039--7047},
  year={2018}
}

@inproceedings{shin2013wire,
  title={Wire-crossing technique on quantum-dot cellular automata},
  author={Shin, Sang-Ho and Jeon, Jun-Cheol and Yoo, Kee-Young},
  booktitle={International conference on next generation computer and information technology},
  pages={52--57},
  year={2013}
}

@ARTICLE{Abedi2018Decimal,
author={D. {Abedi} and G. {Jaberipur}},
journal={{IEEE} Trans. Circuits Syst. {II}},
title={Decimal full adders specially designed for quantum-dot cellular automata},
year={2018},
volume={65},
number={1},
pages={106-110},
}

@inproceedings{huiming2020,
  title={A novel cellular array design using quantum-dot cellular automata},
  author={Tian, Huiming and Chu, Zhufei},
  booktitle={China Semiconductor Technology International Conference},
  year={2020, accepted}
}

@article{roshany2019novel,
  title={Novel efficient circuit design for multilayer {QCA RCA}},
  author={Roshany, Hamid Reza and Rezai, Abdalhossein},
  journal={International Journal of Theoretical Physics},
  volume={58},
  number={6},
  pages={1745--1757},
  year={2019}
}

@inproceedings{singh2014simulation,
  title={On simulation and design implementation of generalized pipeline cellular array},
  author={Singh, Harpreet and Agrawal, Dharma P and Kamthan, Shashank and Alazzawi, Lubna},
  booktitle={International Conference on Information Science, Electronics and Electrical Engineering},
  volume={3},
  pages={1761--1765},
  year={2014}
}

@article{khitun2005nano,
  title={Nano scale computational architectures with spin wave bus},
  author={Khitun, Alexander and Wang, Kang L},
  journal={Superlattices and Microstructures},
  volume={38},
  number={3},
  pages={184--200},
  year={2005}
}

@incollection{vacca2014nanomagnet,
  title={Nanomagnet logic: an architectural level overview},
  author={Vacca, Marco and Graziano, Mariagrazia and Wang, Juanchi and Cairo, Fabrizio and Causapruno, Giovanni and Urgese, Gianvito and Biroli, Andrea and Zamboni, Maurizio},
  booktitle={Field-Coupled Nanocomputing},
  pages={223--256},
  year={2014},
  publisher={Springer}
}

@article{agrawal1979high,
  title={High-speed arithmetic arrays},
  author={Agrawal, Dharma P.},
  journal={{IEEE} Trans. Comput.},
  number={3},
  pages={215--224},
  year={1979},
  publisher={IEEE}
}

@article{rosenfeld1983parallel,
  title={Parallel image processing using cellular arrays},
  author={Rosenfeld, Azriel},
  journal={Computer},
  number={1},
  pages={14--20},
  year={1983},
  publisher={IEEE}
}

@article{majithia1976some,
  title={Some comments concerning design of pipeline arithmetic arrays},
  author={Majithia, Jayanti C.},
  journal={{IEEE} Trans. Comput.},
  number={11},
  pages={1132--1134},
  year={1976},
  publisher={IEEE}
}

@article{1,
  title={Quantum cellular automata},
  author={Lent, Craig S and Tougaw, P Douglas and Porod, Wolfgang and Bernstein, Gary H},
  journal={Nanotechnology},
  volume={4},
  number={1},
  pages={49},
  year={1993},
  publisher={IOP Publishing}
}

@article{2,
	title={Design of generalized pipeline cellular array in quantum-dot cellular automata},
	author={Almatrood, Amjad F and Singh, Harpreet},
	journal={{IEEE} Comput. Archit. Lett.},
	volume={17},
	number={1},
	pages={29--32},
	year={2017},
	publisher={IEEE}
}

@article{3,
	title={A novel 3-input {XOR} function implementation in quantum dot-cellular automata with energy dissipation analysis},
	author={Bahar, Ali Newaz and Waheed, Sajjad and Hossain, Nazir and Asaduzzaman, Md},
	journal={Alexandria Engineering Journal},
	volume={57},
	number={2},
	pages={729--738},
	year={2018}
}

@article{4,
	title={A generalized pipeline array},
	author={Kamal, AK and Singh, Harpreet and Agrawal, DP},
	journal={{IEEE} Trans. Comput.},
	volume={100},
	number={5},
	pages={533--536},
	year={1974},
	publisher={IEEE}
}

@article{soeken2017exact,
  title={Exact synthesis of majority-inverter graphs and its applications},
  author={Soeken, Mathias and Amar{\`u}, Luca Gaetano and Gaillardon, Pierre-Emmanuel and De Micheli, Giovanni},
  journal={{IEEE} Trans. Comput.-Aided Design Integr. Circuits Syst.},
  volume={36},
  number={11},
  pages={1842--1855},
  year={2017},
  publisher={IEEE}
}

@article{nath2017optimal,
  title={Optimal synthesis of {QCA} logic circuit eliminating wire-crossings},
  author={Nath, Rajdeep Kumar and Sen, Bibhash and Sikdar, Biplab K},
  journal={IET Circuits, Devices \& Systems},
  volume={11},
  number={3},
  pages={201--208},
  year={2017},
  publisher={IET}
}

@ARTICLE{QCAdesigner,
author={K. {Walus} and T. J. {Dysart} and G. A. {Jullien} and R. A. {Budiman}},
journal={{IEEE} Trans. Nanotechnol.},
title={QCADesigner: a rapid design and Simulation tool for quantum-dot cellular automata},
year={2004},
volume={3},
number={1},
pages={26-31}}

@article{sasamal2016design,
  title={Design of non-restoring binary array divider in majority logic-based QCA},
  author={Sasamal, TN and Singh, AK and Ghanekar, U},
  journal={Electronics Letters},
  volume={52},
  number={24},
  pages={2001--2003},
  year={2016},
  publisher={IET}
}

@article{lu2011qca,
  title={QCA systolic array design},
  author={Lu, Liang and Liu, Weiqiang and O'Neill, M{\'a}ire and Swartzlander, Earl E},
  journal={IEEE Transactions on computers},
  volume={62},
  number={3},
  pages={548--560},
  year={2011},
  publisher={IEEE}
}

@book{liu2013design,
  title={Design of semiconductor QCA systems},
  author={Liu, Weiqiang and Swartzlander Jr, Earl E and Oâ€™Neill, M{\'a}ire},
  year={2013},
  publisher={Artech House}
}

@inproceedings{giannou2012squarers,
  title={Squarers in QCA nanotechnology},
  author={Giannou, O and Vergos, HT and Bakalis, D},
  booktitle={2012 12th IEEE International Conference on Nanotechnology (IEEE-NANO)},
  pages={1--6},
  year={2012},
  organization={IEEE}
}

@inproceedings{jahangir2015designing,
  title={Designing nanoelectronic-compatible 8-bit square root circuit by quantum-dot cellular automata},
  author={Jahangir, Mohammad Reza and Sheikhfaal, Shadi and Angizi, Shaahin and Navi, Keivan and Ahmad, Firdous},
  booktitle={2015 IEEE International Symposium on Nanoelectronic and Information Systems},
  pages={23--28},
  year={2015},
  organization={IEEE}
}